% This file was created with JabRef 2.4.1.
% Encoding: Cp1252


@inproceedings{bauer2012shuteye,
  title={ShutEye: encouraging awareness of healthy sleep recommendations with a mobile, peripheral display},
  author={Bauer, Jared S and Consolvo, Sunny and Greenstein, Benjamin and Schooler, Jonathan and Wu, Eric and Watson, Nathaniel F and Kientz, Julie},
  booktitle={Proceedings of the SIGCHI conference on Human factors in computing systems},
  pages={1401--1410},
  year={2012},
  organization={ACM}
}

@article{baur2010streams,
  title={The streams of our lives: Visualizing listening histories in context},
  author={Baur, Dominikus and Seiffert, Frederik and Sedlmair, Michael and Boring, Sebastian},
  journal={Visualization and Computer Graphics, IEEE Transactions on},
  volume={16},
  number={6},
  pages={1119--1128},
  year={2010},
  publisher={IEEE},
  note={IEEE}
}

@article{walny2011visual,
  title={Visual thinking in action: Visualizations as used on whiteboards},
  author={Walny, Jagoda and Carpendale, Sheelagh and Riche, Nathalie Henry and Venolia, Gina and Fawcett, Philip},
  journal={IEEE Transactions on Visualization and Computer Graphics},
  volume={17},
  number={12},
  pages={2508--2517},
  year={2011},
  publisher={IEEE}
}

@article{pantazos2012constructing,
  title={Constructing Visualizations with InfoVis Tools-An Evaluation from a user Perspective.},
  author={Pantazos, Kostas and Lauesen, S{\o}ren},
  journal={GRAPP/IVAPP},
  pages={731--736},
  year={2012}
}

@misc{eager,
  title = {EagerEyes Blog},
  howpublished = {\url{https://eagereyes.org/blog/2007/infovis-2007-infovis-for-the-masses/}},
  author = {Robert Kosara},
  year = {2007},
  note = {Accessed: 2016-02-01}
}

@article{pousman2007casual,
  title={Casual information visualization: Depictions of data in everyday life},
  author={Pousman, Zachary and Stasko, John T and Mateas, Michael},
  journal={Visualization and Computer Graphics, IEEE Transactions on},
  volume={13},
  number={6},
  pages={1145--1152},
  year={2007},
  publisher={IEEE}
}

@incollection{freyne2010visualization,
  title={Visualization for the Masses: Learning from the Experts},
  author={Freyne, Jill and Smyth, Barry},
  booktitle={Case-Based Reasoning. Research and Development},
  pages={111--125},
  year={2010},
  publisher={Springer}
}

@phdthesis{danziger2008information,
  title={Information visualization for the people},
  author={Danziger, Michael},
  year={2008},
  school={Massachusetts Institute of Technology}
}

@article{few2008ordinary,
  title={What ordinary people need most from information visualization today},
  author={Few, Stephen},
  journal={Perceptual Edge: Visual Business Intelligence Newsletter},
  year={2008}
}

@article{robertson2008effectiveness,
  title={Effectiveness of animation in trend visualization},
  author={Robertson, George and Fernandez, Roland and Fisher, Danyel and Lee, Bongshin and Stasko, John},
  journal={IEEE Transactions on Visualization and Computer Graphics},
  volume={14},
  number={6},
  pages={1325--1332},
  year={2008},
  publisher={IEEE}
}

@article{sanyal2009user,
  title={A user study to compare four uncertainty visualization methods for 1d and 2d datasets},
  author={Sanyal, Jibonananda and Zhang, Song and Bhattacharya, Gargi and Amburn, Phil and Moorhead, Robert},
  journal={IEEE transactions on visualization and computer graphics},
  volume={15},
  number={6},
  pages={1209--1218},
  year={2009},
  publisher={IEEE}
}

@article{xu2012user,
  title={A user study on curved edges in graph visualization},
  author={Xu, Kai and Rooney, Chris and Passmore, Peter and Ham, Dong-Han and Nguyen, Phong H},
  journal={IEEE Transactions on Visualization and Computer Graphics},
  volume={18},
  number={12},
  pages={2449--2456},
  year={2012},
  publisher={IEEE}
}

@article{kosara2003thoughts,
  title={Thoughts on user studies: Why, how, and when},
  author={Kosara, Robert and Healey, Christopher G and Interrante, Victoria and Laidlaw, David H and Ware, Colin},
  journal={IEEE Computer Graphics and Applications},
  volume={23},
  number={4},
  pages={20--25},
  year={2003},
  publisher={Citeseer}
}

@article{tory2004human,
  title={Human factors in visualization research},
  author={Tory, Melanie and Moller, Torsten},
  journal={IEEE transactions on visualization and computer graphics},
  volume={10},
  number={1},
  pages={72--84},
  year={2004},
  publisher={IEEE}
}

@article{kosara2001metaphors,
  title={Metaphors of movement: a visualization and user interface for time-oriented, skeletal plans},
  author={Kosara, Robert and Miksch, Silvia},
  journal={Artificial intelligence in medicine},
  volume={22},
  number={2},
  pages={111--131},
  year={2001},
  publisher={Elsevier}
}

@inproceedings{chittaro2001visual,
  title={Visual definition of temporal clinical abstractions: A user interface based on novel metaphors},
  author={Chittaro, Luca and Combi, Carlo},
  booktitle={Conference on Artificial Intelligence in Medicine in Europe},
  pages={227--230},
  year={2001},
  organization={Springer}
}

@book{messner2000time,
  title={Time shapes: a visualization for temporal uncertainty in planning},
  author={Messner, Peter},
  year={2000},
  publisher={Citeseer}
}

@inproceedings{aigner2005planninglines,
  title={PlanningLines: novel glyphs for representing temporal uncertainties and their evaluation},
  author={Aigner, Wolfgang and Miksch, Silvia and Thurnher, Bettina and Biffl, Stefan},
  booktitle={Information Visualisation, 2005. Proceedings. Ninth International Conference on},
  pages={457--463},
  year={2005},
  organization={IEEE}
}

@book{harris2000information,
  title={Information graphics: A comprehensive illustrated reference},
  author={Harris, Robert L},
  year={2000},
  publisher={Oxford University Press}
}

@article{correll2014error,
  title={Error bars considered harmful: Exploring alternate encodings for mean and error},
  author={Correll, Michael and Gleicher, Michael},
  journal={IEEE transactions on visualization and computer graphics},
  volume={20},
  number={12},
  pages={2142--2151},
  year={2014},
  publisher={IEEE}
}

@article{maceachren2012visual,
  title={Visual semiotics \& uncertainty visualization: An empirical study},
  author={MacEachren, Alan M and Roth, Robert E and O'Brien, James and Li, Bonan and Swingley, Derek and Gahegan, Mark},
  journal={IEEE Transactions on Visualization and Computer Graphics},
  volume={18},
  number={12},
  pages={2496--2505},
  year={2012},
  publisher={IEEE}
}

@article{gschwandtner2016visual,
  title={Visual encodings of temporal uncertainty: A comparative user study},
  author={Gschwandtner, Theresia and B{\"o}gl, Markus and Federico, Paolo and Miksch, Silvia},
  journal={IEEE transactions on visualization and computer graphics},
  volume={22},
  number={1},
  pages={539--548},
  year={2016},
  publisher={IEEE}
}

@article{drecki2002visualisation,
  title={Visualisation of uncertainty in geographical data},
  author={Drecki, Igor},
  journal={Spatial data quality},
  pages={140--159},
  year={2002},
  publisher={CRC Press: Boca Raton, Florida}
}

@article{maceachren1992visualizing,
  title={Visualizing uncertain information},
  author={MacEachren, Alan M},
  journal={Cartographic Perspectives},
  volume={13},
  pages={10--19},
  year={1992}
}

@article{pang1997approaches,
  title={Approaches to uncertainty visualization},
  author={Pang, Alex T and Wittenbrink, Craig M and Lodha, Suresh K},
  journal={The Visual Computer},
  volume={13},
  number={8},
  pages={370--390},
  year={1997},
  publisher={Springer}
}

@article{frank1998different,
  title={Different types of “times” in GIS},
  author={Frank, Andrew U},
  journal={Spatial and temporal reasoning in geographic information systems},
  pages={40--62},
  year={1998},
  publisher={Oxford University Press, New York}
}

@inproceedings{griethe2006visualization,
  title={The visualization of uncertain data: Methods and problems.},
  author={Griethe, Henning and Schumann, Heidrun and others},
  booktitle={SimVis},
  pages={143--156},
  year={2006}
}

@article{aigner2007visualizing,
  title={Visualizing time-oriented data—a systematic view},
  author={Aigner, Wolfgang and Miksch, Silvia and M{\"u}ller, Wolfgang and Schumann, Heidrun and Tominski, Christian},
  journal={Computers \& Graphics},
  volume={31},
  number={3},
  pages={401--409},
  year={2007},
  publisher={Elsevier}
}

@misc{aigner2011visualizationWeb,
  title={Visualization of time-oriented data},
  author={Aigner, Wolfgang and Miksch, Silvia and Schumann, Heidrun and Tominski, Christian},
  howpublished = "\url{http://www.timeviz.net/}",
  year = {2011}
}

@inproceedings{zuk2005visualizing,
  title={Visualizing Temporal Uncertainty in 3D Virtual Reconstructions.},
  author={Zuk, Torre and Carpendale, M Sheelagh T and Glanzman, William D},
  booktitle={VAST},
  volume={2005},
  pages={6th},
  year={2005}
}

@article{pebesma2007interactive,
  title={Interactive visualization of uncertain spatial and spatio-temporal data under different scenarios: an air quality example},
  author={Pebesma, Edzer J and de Jong, Kor and Briggs, David},
  journal={International Journal of Geographical Information Science},
  volume={21},
  number={5},
  pages={515--527},
  year={2007},
  publisher={Taylor \& Francis}
}

@inproceedings{miksch1998asbruview,
  title={AsbruView: Visualization of Time-Oriented, Skeletal Plans.},
  author={Miksch, Silvia and Kosara, Robert and Shahar, Yuval and Johnson, Peter D},
  booktitle={AIPS},
  pages={11--18},
  year={1998}
}

@inproceedings{rit1986propagating,
  title={Propagating temporal constraints for scheduling.},
  author={Rit, Jean-Francois},
  booktitle={AAAI},
  volume={86},
  pages={383--388},
  year={1986}
}

@inproceedings{combi1999visualizing,
  title={Visualizing temporal clinical data on the WWW},
  author={Combi, Carlo and Portoni, Luisa and Pinciroli, Francesco},
  booktitle={Joint European Conference on Artificial Intelligence in Medicine and Medical Decision Making},
  pages={301--311},
  year={1999},
  organization={Springer}
}

@inproceedings{biffl2005empirical,
  title={An empirical investigation on the visualization of temporal uncertainties in software engineering project planning},
  author={Biffl, Stefan and Thurnher, Bettina and Goluch, Gernot and Winkler, Dietmar and Aigner, Wolfgang and Miksch, Silvia},
  booktitle={Empirical Software Engineering, 2005. 2005 International Symposium on},
  pages={10--pp},
  year={2005},
  organization={IEEE}
}

@article{billiet2016visualizing,
  title={Visualizing and Reasoning With Imperfect Time Intervals in 2D},
  author={Billiet, Christophe and Van de Weghe, Nico and Deploige, Jeroen and De Tre, Guy},
  journal={IEEE Transactions on Fuzzy Systems},
  year={2016},
  publisher={IEEE}
}

@inproceedings{hullman2016evaluating,
  title={Why Evaluating Uncertainty Visualization is Error Prone},
  author={Hullman, Jessica},
  booktitle={Proceedings of the Beyond Time and Errors on Novel Evaluation Methods for Visualization},
  pages={143--151},
  year={2016},
  organization={ACM}
}

@inproceedings{harrower2003representing,
  title={Representing uncertainty: Does it help people make better decisions},
  author={Harrower, Mark},
  booktitle={UCGIS Workshop: Geospatial Visualization and Knowledge Discovery Workshop},
  pages={1--7},
  year={2003}
}

@inproceedings{walny2015exploratory,
  title={An exploratory study of data sketching for visual representation},
  author={Walny, Jagoda and Huron, Samuel and Carpendale, Sheelagh},
  booktitle={Computer Graphics Forum},
  volume={34},
  number={3},
  pages={231--240},
  year={2015},
  organization={Wiley Online Library}
}

@article{tufte1985visual,
  title={The visual display of quantitative information.},
  author={Tufte, Edward R},
  journal={Journal for Healthcare Quality},
  volume={7},
  number={3},
  pages={15},
  year={1985},
  publisher={LWW}
}

@article{allen1983maintaining,
  title={Maintaining knowledge about temporal intervals},
  author={Allen, James F},
  journal={Communications of the ACM},
  volume={26},
  number={11},
  pages={832--843},
  year={1983},
  publisher={ACM}
}

@inproceedings{2016-when-ish-is-my-bus,
 title = {When(ish) is My Bus? User-centered Visualizations of Uncertainty in Everyday, Mobile Predictive Systems},
 author = {Matthew Kay AND Tara Kola AND Jessica Hullman AND Sean Munson},
 booktitle = {ACM Human Factors in Computing Systems (CHI)},
 year = {2016},
 url = {http://idl.cs.washington.edu/papers/when-ish-is-my-bus},
}

@inproceedings{aigner2013evalbench,
  title={EvalBench: a software library for visualization evaluation},
  author={Aigner, Wolfgang and Hoffmann, Stephan and Rind, Alexander},
  booktitle={Computer Graphics Forum},
  volume={32},
  number={3pt1},
  pages={41--50},
  year={2013},
  organization={Wiley Online Library}
}

@inproceedings{ferris2010onebusaway,
  title={OneBusAway: results from providing real-time arrival information for public transit},
  author={Ferris, Brian and Watkins, Kari and Borning, Alan},
  booktitle={Proceedings of the SIGCHI Conference on Human Factors in Computing Systems},
  pages={1807--1816},
  year={2010},
  organization={ACM}
}

@Manual{REnvironment,
  title = {R: A Language and Environment for Statistical Computing},
  author = {{R Development Core Team}},
  organization = {R Foundation for Statistical Computing},
  address = {Vienna, Austria},
  year = {2008},
  note = {{ISBN} 3-900051-07-0},
  url = {http://www.R-project.org},
}

@article{kruskal1952use,
  title={Use of ranks in one-criterion variance analysis},
  author={Kruskal, William H and Wallis, W Allen},
  journal={Journal of the American statistical Association},
  volume={47},
  number={260},
  pages={583--621},
  year={1952},
  publisher={Taylor \& Francis}
}

@manual{MATLAB:2013,
Address = {Natick, Massachusetts},
Organization = {The Mathworks, Inc.},
Title = {MATLAB version 8.1.0.604 (R2013a)},
Year = {2013}}